@online{r/Place,
 title = {r/place},
 year = {2023},
 url = {https://www.reddit.com/r/place/}
}

@article{forbes2021,
  author  = {Maxwell Forbes},
  title   = {TypeScript ECS Implementation},
  journal = {Blog post},
  year    = {2021},
  url     = {https://maxwellforbes.com/posts/typescript-ecs-implementation/}
}

@online{assetPack,
    title = {assetPack},
    url = {https://quaternius.com/packs/ultimatefantasyrts.html},
}

@online{TreeJsManual,
    url = {https://threejs.org/manual/}
}

@online{CreateTerrain,
    url = {https://www.redblobgames.com/maps/terrain-from-noise/}
}

@online{JitteredGrid,
    url = {https://www.redblobgames.com/x/1830-jittered-grid/}
}

@article{Autobiome,
  author  = {Roland Fischer and Philipp Dittmann and René Weller and Gabriel Zachmann},
  title   = {AutoBiomes: procedural generation of multi-biome landscapes},
  journal = {online},
  year    = {2020},
  url     = {https://link.springer.com/article/10.1007/s00371-020-01920-7}
}


@article{UIpaper,
  author  = {Khairul Yusri and Bin Zamri},
  title   = {The Effects of 10 User Interface (UI) Elements on Game Design Process},
  journal = {researchgate},
  year    = {2022},
  url     = {https://www.researchgate.net/publication/354527166_The_Effect_Of_10_User_Interface_UI_Elements_On_Game_Design_Process}
}

@article{DTMpaper,
  author  = {Eric Galin and Eric Guérin and Adrien Peytavie and Guillaume Cordonnier and Marie-Paule
Cani and Bedrich Benes and James Gain},
  title   = {A Review of Digital Terrain Modeling},
  journal = {lirmm},
  year    = {2019},
  url     = {https://seafile.lirmm.fr/d/feab97747cc0474eb0fc/files/?p=%2F16_A_Review_of_Digital_Terrain_Modeling.pdf}
}

@online{figma,
url = {https://www.figma.com}
}